@article{CW,
  author = "G. Clarke and J.W. Wright",
  title = "Scheduling of vehicles from a central depot to a number of delivery points",
  journal = "Operations Research",
  volume = 12,
  number = 4,
  pages = "568--581",
  year = 1964
}

@article{CWj,
  author = "Jens Lysgaard",
  title = "Clarke and Wright's Savings Algorithm\\http://pure.au.dk/portal-asb-student/files/36025757/Bilag\_E\_SAVINGSNOTE.pdf",
  journal = {Department of Management Science and Logistics, The Aarhus School of Business},
  year = 1997
}
